@article{huppert_1982, title={The propagation of two-dimensional and axisymmetric viscous gravity currents over a rigid horizontal surface}, volume={121}, DOI={10.1017/S0022112082001797}, journal={Journal of Fluid Mechanics}, publisher={Cambridge University Press}, author={Huppert, Herbert E.}, year={1982}, pages={43–58}}



@article{listersqueegee,
  title = {Using a squeegee on a layer of viscous or viscoplastic fluid},
  author = {Lister, John R. and Hinton, Edward M.},
  journal = {Phys. Rev. Fluids},
  volume = {7},
  issue = {10},
  pages = {104101},
  numpages = {11},
  year = {2022},
  month = {Oct},
  publisher = {American Physical Society},
  doi = {10.1103/PhysRevFluids.7.104101},
  url = {https://link.aps.org/doi/10.1103/PhysRevFluids.7.104101}
}

@article{Hinton_Hogg_Huppert_2019, title={Interaction of viscous free-surface flows with topography}, volume={876}, DOI={10.1017/jfm.2019.588}, journal={Journal of Fluid Mechanics}, author={Hinton, Edward M. and Hogg, Andrew J. and Huppert, Herbert E.}, year={2019}, pages={912–938}} 


@article{hirt1981volume,
  title={Volume of fluid (VOF) method for the dynamics of free boundaries},
  author={Hirt, Cyril W and Nichols, Billy D},
  journal={Journal of computational physics},
  volume={39},
  number={1},
  pages={201--225},
  year={1981},
  publisher={Elsevier}
}

@article{zienkiewicz2013,
title={The finite element method for fluid dynamics},
author={Zienkiewicz, Olek C and Taylor, Robert L and Nithiarasu, P},
publisher={Elsevier Science}, 
year={2013},
pages={581}
}

@article{HILLS_MOFFATT_2000, title={Rotary honing: a variant of the Taylor paint-scraper problem}, volume={418}, DOI={10.1017/S0022112000001075}, journal={Journal of Fluid Mechanics}, author={Hills, C. P. and Moffatt, H. K. }, year={2000}, pages={119–135}} 

@article{eamesboard,
title = "Fluid mechanics of laminated board manufacture",
author = "I Eames and N Wright and MA Gilbertson",
note = "Publisher: American Institute of Chemical Engineers",
year = "2002",
month = nov,
doi = "10.1002/aic.690481107",
language = "English",
volume = "48",
pages = "2481 -- 2491",
journal = "AIChE Journal",
issn = "0001-1541",
publisher = "Wiley",
number = "11"
}

@article{Darwin1953, 
title={Note on hydrodynamics}, 
volume={49}, DOI={10.1017/S0305004100028449}, 
number={2}, journal={Mathematical Proceedings of the Cambridge Philosophical Society}, 
publisher={Cambridge University Press}, 
author={Darwin, C.}, 
year={1953}, 
pages={342–354}
} 

@article{Moffatt_1964, title={Viscous and resistive eddies near a sharp corner}, volume={18}, DOI={10.1017/S0022112064000015}, number={1}, journal={Journal of Fluid Mechanics}, author={Moffatt, H. K.}, year={1964}, pages={1–18}} 

@article{Lamb1932, 
author={Horace Lamb},
title={Hydrodynamics},
year={1932},
publisher={Cambridge University Press},
edition={6th edition}
}